@incollection{kratzer1991,
address = {Berlin},
author = {Kratzer, Angelika},
booktitle = {Semantics: An international handbook of contemporary research},
editor = {von Stechow, Arnim and Wunderlich, D.},
pages = {639--650},
publisher = {De Gruyter},
title = {{Modality}},
year = {1991}
}
